<marc:collection xmlns:marc="http://www.loc.gov/MARC21/slim" xmlns:xsi="http://www.w3.org/2001/XMLSchema-instance" xsi:schemaLocation="http://www.loc.gov/MARC21/slim http://www.loc.gov/standards/marcxml/schema/MARC21slim.xsd">
    <marc:record type="Bibliographic">
        <marc:leader>01397cem a2200349K  4500</marc:leader>
        <marc:controlfield tag="001">6773474</marc:controlfield>
        <marc:controlfield tag="005">20120702090923.0</marc:controlfield>
        <marc:controlfield tag="008">050914s1960    ja        a     0   jpn d</marc:controlfield>
        <marc:datafield tag="034" ind1="1" ind2=" ">
            <marc:subfield code="a">a</marc:subfield>
            <marc:subfield code="b">7500000</marc:subfield>
        </marc:datafield>
        <marc:datafield tag="043" ind1=" " ind2=" ">
            <marc:subfield code="a">a------</marc:subfield>
            <marc:subfield code="a">u-at---</marc:subfield>
            <marc:subfield code="a">aw-----</marc:subfield>
        </marc:datafield>
        <marc:datafield tag="050" ind1=" " ind2="4">
            <marc:subfield code="a">G2201.S1</marc:subfield>
            <marc:subfield code="b">. S55 1960</marc:subfield>
        </marc:datafield>
        <marc:datafield tag="049" ind1=" " ind2=" ">
            <marc:subfield code="a">MAIN</marc:subfield>
        </marc:datafield>
        <marc:datafield tag="245" ind1="0" ind2="0">
            <marc:subfield code="6">880-01</marc:subfield>
            <marc:subfield code="a">Shinsei Kyokutō rinpō daichizu</marc:subfield>
            <marc:subfield code="h">[map]  /</marc:subfield>
            <marc:subfield code="c">henshū Junsei Shuppanbu.</marc:subfield>
        </marc:datafield>
        <marc:datafield tag="246" ind1="3" ind2="0">
            <marc:subfield code="6">880-02</marc:subfield>
            <marc:subfield code="a">Kyokutō rinpō daichizu</marc:subfield>
        </marc:datafield>
        <marc:datafield tag="255" ind1=" " ind2=" ">
            <marc:subfield code="a">Scale 1:7,500,000</marc:subfield>
        </marc:datafield>
        <marc:datafield tag="260" ind1=" " ind2=" ">
            <marc:subfield code="6">880-03</marc:subfield>
            <marc:subfield code="a">Tōkyō :</marc:subfield>
            <marc:subfield code="b">Junsei Shuppan,</marc:subfield>
            <marc:subfield code="c">Shōwa 35 [1960]</marc:subfield>
        </marc:datafield>
        <marc:datafield tag="300" ind1=" " ind2=" ">
            <marc:subfield code="a">1 map :</marc:subfield>
            <marc:subfield code="b">col. ;</marc:subfield>
            <marc:subfield code="c">160 x 151 on sheet 169 x 155 cm.</marc:subfield>
        </marc:datafield>
        <marc:datafield tag="500" ind1=" " ind2=" ">
            <marc:subfield code="a">Cloth backed and mounted on wooden rod in a scroll.</marc:subfield>
        </marc:datafield>
        <marc:datafield tag="500" ind1=" " ind2=" ">
            <marc:subfield code="a">Multiple maps on one sheet.</marc:subfield>
        </marc:datafield>
        <marc:datafield tag="651" ind1=" " ind2="0">
            <marc:subfield code="a">Asia</marc:subfield>
            <marc:subfield code="x">Historical geography</marc:subfield>
            <marc:subfield code="v">Maps.</marc:subfield>
        </marc:datafield>
        <marc:datafield tag="651" ind1=" " ind2="0">
            <marc:subfield code="a">Australia</marc:subfield>
            <marc:subfield code="x">Historical geography</marc:subfield>
            <marc:subfield code="v">Maps.</marc:subfield>
        </marc:datafield>
        <marc:datafield tag="651" ind1=" " ind2="0">
            <marc:subfield code="a">Middle East</marc:subfield>
            <marc:subfield code="x">Historical geography</marc:subfield>
            <marc:subfield code="v">Maps.</marc:subfield>
        </marc:datafield>
        <marc:datafield tag="651" ind1=" " ind2="0">
            <marc:subfield code="a">Japan</marc:subfield>
            <marc:subfield code="x">Historical geography</marc:subfield>
            <marc:subfield code="v">Maps.</marc:subfield>
        </marc:datafield>
        <marc:datafield tag="655" ind1=" " ind2="7">
            <marc:subfield code="a">Wall maps, Japanese</marc:subfield>
            <marc:subfield code="y">1960.</marc:subfield>
            <marc:subfield code="2">local</marc:subfield>
        </marc:datafield>
        <marc:datafield tag="710" ind1="2" ind2=" ">
            <marc:subfield code="6">880-04</marc:subfield>
            <marc:subfield code="a">Junsei Shuppanbu.</marc:subfield>
        </marc:datafield>
        <marc:datafield tag="856" ind1="4" ind2="1">
            <marc:subfield code="z">See the map</marc:subfield>
            <marc:subfield code="u">http://gisserver.princeton.edu/map/26267</marc:subfield>
        </marc:datafield>
        <marc:datafield tag="856" ind1="4" ind2="1">
            <marc:subfield code="z">See the map label</marc:subfield>
            <marc:subfield code="u">http://gisserver.princeton.edu/map/26268</marc:subfield>
        </marc:datafield>
        <marc:datafield tag="856" ind1="4" ind2="1">
            <marc:subfield code="z">See the map</marc:subfield>
        </marc:datafield>
        <marc:datafield tag="880" ind1="0" ind2="0">
            <marc:subfield code="6">245-01</marc:subfield>
            <marc:subfield code="a">新制極東隣邦大地図 /</marc:subfield>
            <marc:subfield code="c">編集純正出版部.</marc:subfield>
        </marc:datafield>
        <marc:datafield tag="880" ind1="3" ind2="0">
            <marc:subfield code="6">246-02</marc:subfield>
            <marc:subfield code="a">極東隣邦大地図</marc:subfield>
        </marc:datafield>
        <marc:datafield tag="880" ind1=" " ind2=" ">
            <marc:subfield code="6">260-03</marc:subfield>
            <marc:subfield code="a">東京 :</marc:subfield>
            <marc:subfield code="b">,純正出版</marc:subfield>
            <marc:subfield code="c">昭和35  [1960]</marc:subfield>
        </marc:datafield>
        <marc:datafield tag="880" ind1="2" ind2=" ">
            <marc:subfield code="6">710-04</marc:subfield>
            <marc:subfield code="a">純正出版部.</marc:subfield>
        </marc:datafield>
    </marc:record>
    <marc:record type="Holdings">
        <marc:leader>00174nx  a22000851  4500</marc:leader>
        <marc:controlfield tag="001">6754419</marc:controlfield>
        <marc:controlfield tag="004">6773474</marc:controlfield>
        <marc:controlfield tag="005">20110928111029.0</marc:controlfield>
        <marc:controlfield tag="008">1109284u    8   1001uu   0901128</marc:controlfield>
        <marc:datafield tag="852" ind1="8" ind2=" ">
            <marc:subfield code="b">rcpxp</marc:subfield>
            <marc:subfield code="h">HMC01.6743</marc:subfield>
        </marc:datafield>
    </marc:record>
    <marc:record type="Holdings">
        <marc:leader>00182nx  a22000854  4500</marc:leader>
        <marc:controlfield tag="001">7321550</marc:controlfield>
        <marc:controlfield tag="004">6773474</marc:controlfield>
        <marc:controlfield tag="005">20130514084229.0</marc:controlfield>
        <marc:controlfield tag="008">1305144u    8   1001uu   0901128</marc:controlfield>
        <marc:datafield tag="852" ind1="8" ind2=" ">
            <marc:subfield code="b">elf1</marc:subfield>
            <marc:subfield code="h">Electronic Resource</marc:subfield>
        </marc:datafield>
    </marc:record>
</marc:collection>
